<record><leader>00000cas a22000007a 4500</leader><controlfield tag="001">12303472</controlfield><controlfield tag="008">850725c18719999mouwr ne      0    0eng d</controlfield><datafield ind1=" " ind2=" " tag="010"><subfield code="a">sn 85033884 </subfield></datafield><datafield ind1=" " ind2=" " tag="040"><subfield code="a">NPU</subfield><subfield code="b">eng</subfield><subfield code="c">NPU</subfield><subfield code="d">NPT</subfield><subfield code="d">NPX</subfield><subfield code="d">MQN</subfield><subfield code="d">OCLCQ</subfield></datafield><datafield ind1=" " ind2=" " tag="042"><subfield code="a">msc</subfield></datafield><datafield ind1="0" ind2=" " tag="130"><subfield code="a">Cassville democrat (Cassville, Mo. : 1871)</subfield></datafield><datafield ind1="1" ind2="0" tag="245"><subfield code="a">Cassville democrat.</subfield></datafield><datafield ind1=" " ind2=" " tag="260"><subfield code="a">Cassville, Mo. :</subfield><subfield code="b">John Ray</subfield></datafield><datafield ind1=" " ind2=" " tag="300"><subfield code="a">v.</subfield></datafield><datafield ind1=" " ind2=" " tag="310"><subfield code="a">Weekly</subfield></datafield><datafield ind1="1" ind2=" " tag="362"><subfield code="a">Began in 1871.</subfield><subfield code="z">Cf. Rowell, 1873.</subfield></datafield><datafield ind1=" " ind2=" " tag="515"><subfield code="a">Some issues have yearly designation rather than vol. numbering: &lt;Nov. 18, 1899&gt;-Apr. 28, 1932.</subfield></datafield><datafield ind1=" " ind2=" " tag="588"><subfield code="a">Description based on: Vol. 3, no. 21 (July 5, 1873).</subfield></datafield><datafield ind1=" " ind2="4" tag="651"><subfield code="a">Cassville (Mo.)</subfield><subfield code="v">Newspapers.</subfield></datafield><datafield ind1=" " ind2=" " tag="752"><subfield code="a">United States</subfield><subfield code="b">Missouri</subfield><subfield code="c">Barry</subfield><subfield code="d">Cassville.</subfield></datafield></record>